@book{
    clrs,
    title = {Introduction to Algorithms},
    author = {
        Thomas H. Cormen
        and Charles E. Leiserson
        and Ronald L. Rivest
        and Clifford Stein
    },
    year = {2009},
    edition = {3},
    publisher = {MIT Press}
}

@book{
    mmds,
    title = {Mining of Massive Datasets},
    author = {
        Jure Leskovec
        and Anand Rajaraman
        and Jeff Ullman
    },
    year = {2019},
    edition = {3},
    publisher = {Cambridge University Press}
}